@article{foundph,
author = "Abou-Zahr, Carla and Boerma, Ties",
journal = "Bulletin of the World Health Organization",
pages = "578--583",
title = "Health information systems: the foundations of public health",
volume = "83",
year = "2005"
}

@article{admin_savant,
author = "Desrosi√®res, Alain",
journal = {Statistical Journal of the UN Economic Commission for Europe},
pages = "31-50",
title = "The administrator and the scientist: How the statistical profession has changed",
volume = "14",
issue = "1" ,
year = "1997"
}